@article{jampen,
  title   = {Don’t click: towards an effective anti-phishing training. A comparative literature review},
  volume  = {10},
  doi     = {10.1186/s13673-020-00237-7},
  number  = {1},
  journal = {Human-centric Computing and Information Sciences},
  author  = {Jampen, Daniel and Gür, Gürkan and Sutter, Thomas and Tellenbach, Bernhard},
  year    = {2020}
}